%YAML 1.1
%TAG !u! tag:unity3d.com,2011:
--- !u!1 &7850304637425967751
GameObject:
  m_ObjectHideFlags: 0
  m_CorrespondingSourceObject: {fileID: 0}
  m_PrefabInstance: {fileID: 0}
  m_PrefabAsset: {fileID: 0}
  serializedVersion: 6
  m_Component:
  - component: {fileID: 5573455215900524957}
  - component: {fileID: 2940077220819266403}
  - component: {fileID: 4425685422672449320}
  - component: {fileID: 5071101732273335915}
  - component: {fileID: -5461165708870019500}
  m_Layer: 5
  m_Name: Good
  m_TagString: Untagged
  m_Icon: {fileID: 0}
  m_NavMeshLayer: 0
  m_StaticEditorFlags: 0
  m_IsActive: 1
--- !u!224 &5573455215900524957
RectTransform:
  m_ObjectHideFlags: 0
  m_CorrespondingSourceObject: {fileID: 0}
  m_PrefabInstance: {fileID: 0}
  m_PrefabAsset: {fileID: 0}
  m_GameObject: {fileID: 7850304637425967751}
  m_LocalRotation: {x: 0, y: 0, z: 0, w: 1}
  m_LocalPosition: {x: 0, y: 0, z: 0}
  m_LocalScale: {x: 1, y: 1, z: 1}
  m_Children: []
  m_Father: {fileID: 0}
  m_RootOrder: 0
  m_LocalEulerAnglesHint: {x: 0, y: 0, z: 0}
  m_AnchorMin: {x: 0.5, y: 0.5}
  m_AnchorMax: {x: 0.5, y: 0.5}
  m_AnchoredPosition: {x: -195.4, y: 370.97}
  m_SizeDelta: {x: 97.1, y: 50.05}
  m_Pivot: {x: 0.5, y: 0.5}
--- !u!222 &2940077220819266403
CanvasRenderer:
  m_ObjectHideFlags: 0
  m_CorrespondingSourceObject: {fileID: 0}
  m_PrefabInstance: {fileID: 0}
  m_PrefabAsset: {fileID: 0}
  m_GameObject: {fileID: 7850304637425967751}
  m_CullTransparentMesh: 0
--- !u!114 &4425685422672449320
MonoBehaviour:
  m_ObjectHideFlags: 0
  m_CorrespondingSourceObject: {fileID: 0}
  m_PrefabInstance: {fileID: 0}
  m_PrefabAsset: {fileID: 0}
  m_GameObject: {fileID: 7850304637425967751}
  m_Enabled: 1
  m_EditorHideFlags: 0
  m_Script: {fileID: 11500000, guid: 1344c3c82d62a2a41a3576d8abb8e3ea, type: 3}
  m_Name: 
  m_EditorClassIdentifier: 
  m_Material: {fileID: 0}
  m_Color: {r: 1, g: 1, b: 1, a: 1}
  m_RaycastTarget: 1
  m_OnCullStateChanged:
    m_PersistentCalls:
      m_Calls: []
  m_Texture: {fileID: 2800000, guid: ae604c3dc170288429d3e108ae1bc6a7, type: 3}
  m_UVRect:
    serializedVersion: 2
    x: 0
    y: 0
    width: 1
    height: 1
--- !u!114 &5071101732273335915
MonoBehaviour:
  m_ObjectHideFlags: 0
  m_CorrespondingSourceObject: {fileID: 0}
  m_PrefabInstance: {fileID: 0}
  m_PrefabAsset: {fileID: 0}
  m_GameObject: {fileID: 7850304637425967751}
  m_Enabled: 1
  m_EditorHideFlags: 0
  m_Script: {fileID: 11500000, guid: 43ede5e4103507e44b57ce7e9800aa60, type: 3}
  m_Name: 
  m_EditorClassIdentifier: 
  baseScale: {x: 0, y: 0, z: 0}
  scaleTo: {x: 1.1, y: 1.1, z: 0}
  basePos: {x: 0, y: 0, z: 0}
  offSet: 0
  leftToRight: 0
  indication: "i = 1 : scale, i = 2 : bouger de gauche \xE0 droite"
  i: 1
--- !u!114 &-5461165708870019500
MonoBehaviour:
  m_ObjectHideFlags: 0
  m_CorrespondingSourceObject: {fileID: 0}
  m_PrefabInstance: {fileID: 0}
  m_PrefabAsset: {fileID: 0}
  m_GameObject: {fileID: 7850304637425967751}
  m_Enabled: 1
  m_EditorHideFlags: 0
  m_Script: {fileID: 11500000, guid: a5d53df2cd54129468c7b95fc5e61c86, type: 3}
  m_Name: 
  m_EditorClassIdentifier: 
  withTimer: 1
  timer: 0.4
